\bibitem{SCIgen}
\url{http://pdos.csail.mit.edu/scigen/}

\bibitem{snarXiv}
\url{http://snarxiv.org/vs-arxiv/}